<?xml version="1.0" encoding="UTF-8"?><record xmlns="http://www.loc.gov/MARC21/slim" xmlns:cinclude="http://apache.org/cocoon/include/1.0" xmlns:zs="http://www.loc.gov/zing/srw/">
  <leader>00632cz  a2200181n  4500</leader>
  <controlfield tag="001">nr 98000671 </controlfield>
  <controlfield tag="003">DLC</controlfield>
  <controlfield tag="005">20121025075458.0</controlfield>
  <controlfield tag="008">980108n| azannaab           |n aaa     c</controlfield>
  <datafield tag="010" ind1=" " ind2=" ">
    <subfield code="a">nr 98000671 </subfield>
  </datafield>
  <datafield tag="040" ind1=" " ind2=" ">
    <subfield code="a">NIC-Mu</subfield>
    <subfield code="c">NIC-Mu</subfield>
    <subfield code="d">DLC</subfield>
    <subfield code="e">rda</subfield>
  </datafield>
  <datafield tag="046" ind1=" " ind2=" ">
    <subfield code="f">19670727</subfield>
  </datafield>
  <datafield tag="100" ind1="1" ind2=" ">
    <subfield code="a">Head, Matthew William</subfield>
  </datafield>
  <datafield tag="372" ind1=" " ind2=" ">
    <subfield code="a">Musicology</subfield>
  </datafield>
  <datafield tag="374" ind1=" " ind2=" ">
    <subfield code="a">Musicologist</subfield>
  </datafield>
  <datafield tag="375" ind1=" " ind2=" ">
    <subfield code="a">male</subfield>
  </datafield>
  <datafield tag="670" ind1=" " ind2=" ">
    <subfield code="a">Head, M. Fantasy in the instrumental music of C.P.E. Bach, 1995:</subfield>
    <subfield code="b">t.p. (Matthew William Head)</subfield>
  </datafield>
  <datafield tag="670" ind1=" " ind2=" ">
    <subfield code="a">Head, M. Sovereign feminine : music and gender in eighteenth-century Germany, 2013:</subfield>
    <subfield code="b">(ECIP data sheet (Head, Matthew William, birth date: 7/27/67)</subfield>
  </datafield>
</record>